% This file was created with Citavi 6.10.0.0
\RequirePackage{filecontents}
\begin{filecontents*}{\garmin.bib}
@misc{Garmin.07022022,
 abstract = {The Forerunner{\circledR} 735XT running watch allows you easily change things up with its built-in activity profiles for running, cycling, hiking and more.},
 author = {Garmin},
 year = {07/02/2022},
 title = {Forerunner{\circledR} 735XT},
 url = {https://www.garmin.com/fi-FI/p/541225#specs},
 urldate = {07/02/2022}
}
\end{filecontents*}

